<record><leader>00000cas a2200000 a 4500</leader><controlfield tag="001">47035044</controlfield><controlfield tag="008">010530d19671969iluwn ne      0   a0eng c</controlfield><datafield ind1=" " ind2=" " tag="010"><subfield code="a">sn2001063214</subfield></datafield><datafield ind1=" " ind2=" " tag="040"><subfield code="a">NVF</subfield><subfield code="b">eng</subfield><subfield code="c">NVF</subfield><subfield code="d">OCLCQ</subfield><subfield code="d">NVF</subfield><subfield code="d">OCLCQ</subfield><subfield code="d">OCLCF</subfield><subfield code="d">OCLCO</subfield><subfield code="d">NVF</subfield><subfield code="d">OCLCO</subfield><subfield code="d">OCL</subfield></datafield><datafield ind1="1" ind2=" " tag="029"><subfield code="a">AU@</subfield><subfield code="b">000022746354</subfield></datafield><datafield ind1=" " ind2=" " tag="042"><subfield code="a">pcc</subfield></datafield><datafield ind1=" " ind2=" " tag="043"><subfield code="a">n-us-il</subfield></datafield><datafield ind1="0" ind2="0" tag="245"><subfield code="a">Mt. Plaines digest.</subfield></datafield><datafield ind1="3" ind2=" " tag="246"><subfield code="a">Mount Plaines digest</subfield></datafield><datafield ind1=" " ind2=" " tag="260"><subfield code="a">Des Plaines, Ill. :</subfield><subfield code="b">Des Plaines Pub. Co.</subfield></datafield><datafield ind1=" " ind2=" " tag="300"><subfield code="a">v.</subfield></datafield><datafield ind1=" " ind2=" " tag="310"><subfield code="a">Weekly (except last week in Dec.)</subfield></datafield><datafield ind1="1" ind2=" " tag="362"><subfield code="a">Began in 1967?</subfield></datafield><datafield ind1="0" ind2=" " tag="362"><subfield code="a">-v. 4, no. 47 (Dec. 18, 1969).</subfield></datafield><datafield ind1=" " ind2=" " tag="500"><subfield code="a">Publisher: Hermon A. Herzog.</subfield></datafield><datafield ind1=" " ind2=" " tag="500"><subfield code="a">Editor: Gene Wendorf.</subfield></datafield><datafield ind1=" " ind2=" " tag="588"><subfield code="a">Description based on: Vol. 2, no. 27 (Jan. 7, 1968).</subfield></datafield><datafield ind1=" " ind2="0" tag="651"><subfield code="a">Des Plaines (Ill.)</subfield><subfield code="v">Newspapers.</subfield></datafield><datafield ind1=" " ind2="0" tag="651"><subfield code="a">Prospect Heights (Ill.)</subfield><subfield code="v">Newspapers.</subfield></datafield><datafield ind1=" " ind2="0" tag="651"><subfield code="a">Mount Prospect (Ill.)</subfield><subfield code="v">Newspapers.</subfield></datafield><datafield ind1=" " ind2="7" tag="655"><subfield code="a">Newspapers.</subfield><subfield code="2">fast</subfield><subfield code="0">(OCoLC)fst01423814</subfield></datafield><datafield ind1=" " ind2="7" tag="651"><subfield code="a">Illinois</subfield><subfield code="z">Des Plaines.</subfield><subfield code="2">fast</subfield><subfield code="0">(OCoLC)fst01210719</subfield></datafield><datafield ind1=" " ind2="7" tag="651"><subfield code="a">Illinois</subfield><subfield code="z">Mount Prospect.</subfield><subfield code="2">fast</subfield><subfield code="0">(OCoLC)fst01204259</subfield></datafield><datafield ind1=" " ind2="7" tag="651"><subfield code="a">Illinois</subfield><subfield code="z">Prospect Heights.</subfield><subfield code="2">fast</subfield><subfield code="0">(OCoLC)fst01220147</subfield></datafield><datafield ind1=" " ind2=" " tag="752"><subfield code="a">United States</subfield><subfield code="b">Illinois</subfield><subfield code="c">Cook</subfield><subfield code="d">Des Plaines.</subfield></datafield><datafield ind1="0" ind2="0" tag="785"><subfield code="t">Prospect digest</subfield><subfield code="w">(DLC)sn2001063215</subfield><subfield code="w">(OCoLC)47035188</subfield></datafield></record>